{
  "leader": "02437cam a2200505 a 4500",
  "fields": [
    {
      "001": "ocm08269511\\"
    },
    {
      "003": "OCoLC"
    },
    {
      "005": "20220705101733.0"
    },
    {
      "008": "810220s1961\\\\\\\\nyu\\\\\\\\\\\\\\\\\\\\\\000\\0\\eng\\\\"
    },
    {
      "010": {
        "ind1": "\\",
        "ind2": "\\",
        "subfields": [
          {
            "a": "   61010715 "
          }
        ]
      }
    },
    {
      "040": {
        "ind1": "\\",
        "ind2": "\\",
        "subfields": [
          {
            "a": "DLC"
          },
          {
            "b": "eng"
          },
          {
            "c": "DLC"
          },
          {
            "d": "LNE"
          },
          {
            "d": "OUN"
          },
          {
            "d": "DRB"
          },
          {
            "d": "MTG"
          },
          {
            "d": "UKMGB"
          },
          {
            "d": "OCLCO"
          },
          {
            "d": "OCLCF"
          },
          {
            "d": "OCLCQ"
          },
          {
            "d": "WIMVL"
          },
          {
            "d": "OCLCQ"
          },
          {
            "d": "CPO"
          },
          {
            "d": "OCLCQ"
          },
          {
            "d": "AJS"
          },
          {
            "d": "VSI"
          },
          {
            "d": "OCLCO"
          },
          {
            "d": "TY4"
          }
        ]
      }
    },
    {
      "016": {
        "ind1": "7",
        "ind2": "\\",
        "subfields": [
          {
            "a": "000918067"
          },
          {
            "2": "Uk"
          }
        ]
      }
    },
    {
      "019": {
        "ind1": "\\",
        "ind2": "\\",
        "subfields": [
          {
            "a": "1148688"
          },
          {
            "a": "557993657"
          },
          {
            "a": "1001859884"
          },
          {
            "a": "1004468567"
          },
          {
            "a": "1049772323"
          },
          {
            "a": "1201001194"
          },
          {
            "a": "1315608530"
          },
          {
            "a": "1317083061"
          }
        ]
      }
    },
    {
      "035": {
        "ind1": "\\",
        "ind2": "\\",
        "subfields": [
          {
            "a": "(OCoLC)8269511"
          },
          {
            "z": "(OCoLC)1148688"
          },
          {
            "z": "(OCoLC)557993657"
          },
          {
            "z": "(OCoLC)1001859884"
          },
          {
            "z": "(OCoLC)1004468567"
          },
          {
            "z": "(OCoLC)1049772323"
          },
          {
            "z": "(OCoLC)1201001194"
          },
          {
            "z": "(OCoLC)1315608530"
          },
          {
            "z": "(OCoLC)1317083061"
          }
        ]
      }
    },
    {
      "043": {
        "ind1": "\\",
        "ind2": "\\",
        "subfields": [
          {
            "a": "n-us---"
          }
        ]
      }
    },
    {
      "050": {
        "ind1": "0",
        "ind2": "0",
        "subfields": [
          {
            "a": "UA23"
          },
          {
            "b": ".D45"
          }
        ]
      }
    },
    {
      "082": {
        "ind1": "0",
        "ind2": "4",
        "subfields": [
          {
            "a": "355.0973"
          },
          {
            "b": "DES"
          }
        ]
      }
    },
    {
      "100": {
        "ind1": "1",
        "ind2": "\\",
        "subfields": [
          {
            "a": "De Seversky, Alexander P."
          },
          {
            "q": "(Alexander Procofieff),"
          },
          {
            "d": "1894-1974."
          }
        ]
      }
    },
    {
      "245": {
        "ind1": "1",
        "ind2": "0",
        "subfields": [
          {
            "a": "America :"
          },
          {
            "b": "too young to die! /"
          },
          {
            "c": "by Major Alexander P. De Seversky."
          }
        ]
      }
    },
    {
      "250": {
        "ind1": "\\",
        "ind2": "\\",
        "subfields": [
          {
            "a": "[1st ed.]."
          }
        ]
      }
    },
    {
      "260": {
        "ind1": "\\",
        "ind2": "\\",
        "subfields": [
          {
            "a": "New York :"
          },
          {
            "b": "McGraw-Hill,"
          },
          {
            "c": "[1961]"
          }
        ]
      }
    },
    {
      "300": {
        "ind1": "\\",
        "ind2": "\\",
        "subfields": [
          {
            "a": "237 pages ;"
          },
          {
            "c": "21 cm"
          }
        ]
      }
    },
    {
      "336": {
        "ind1": "\\",
        "ind2": "\\",
        "subfields": [
          {
            "a": "text"
          },
          {
            "b": "txt"
          },
          {
            "2": "rdacontent"
          }
        ]
      }
    },
    {
      "337": {
        "ind1": "\\",
        "ind2": "\\",
        "subfields": [
          {
            "a": "unmediated"
          },
          {
            "b": "n"
          },
          {
            "2": "rdamedia"
          }
        ]
      }
    },
    {
      "338": {
        "ind1": "\\",
        "ind2": "\\",
        "subfields": [
          {
            "a": "volume"
          },
          {
            "b": "nc"
          },
          {
            "2": "rdacarrier"
          }
        ]
      }
    },
    {
      "340": {
        "ind1": "\\",
        "ind2": "\\",
        "subfields": [
          {
            "m": "8vo."
          },
          {
            "2": "rdabf"
          }
        ]
      }
    },
    {
      "380": {
        "ind1": "\\",
        "ind2": "\\",
        "subfields": [
          {
            "a": "Book"
          },
          {
            "a": "Book"
          },
          {
            "2": "tlcgt"
          }
        ]
      }
    },
    {
      "385": {
        "ind1": "\\",
        "ind2": "\\",
        "subfields": [
          {
            "a": "General"
          },
          {
            "2": "tlctarget"
          }
        ]
      }
    },
    {
      "505": {
        "ind1": "0",
        "ind2": "\\",
        "subfields": [
          {
            "a": "The policy of deception -- The balance of terror -- The Russian metamorphosis -- Descent into danger -- Arming for defeat -- Balanced forces -- Limited wars -- Billions in worthless real estate -- The battle of the missiles -- What it will be like -- We can regain the lead -- The road to survival."
          }
        ]
      }
    },
    {
      "651": {
        "ind1": "\\",
        "ind2": "0",
        "subfields": [
          {
            "a": "United States"
          },
          {
            "x": "Military policy."
          }
        ]
      }
    },
    {
      "651": {
        "ind1": "\\",
        "ind2": "0",
        "subfields": [
          {
            "a": "United States"
          },
          {
            "x": "Defenses."
          }
        ]
      }
    },
    {
      "650": {
        "ind1": "\\",
        "ind2": "0",
        "subfields": [
          {
            "a": "Nuclear warfare."
          }
        ]
      }
    },
    {
      "650": {
        "ind1": "\\",
        "ind2": "0",
        "subfields": [
          {
            "a": "Air power."
          }
        ]
      }
    },
    {
      "650": {
        "ind1": "\\",
        "ind2": "2",
        "subfields": [
          {
            "a": "Nuclear Warfare"
          }
        ]
      }
    },
    {
      "650": {
        "ind1": "\\",
        "ind2": "7",
        "subfields": [
          {
            "a": "Air power."
          },
          {
            "2": "fast"
          },
          {
            "0": "(OCoLC)fst00802495"
          }
        ]
      }
    },
    {
      "650": {
        "ind1": "\\",
        "ind2": "7",
        "subfields": [
          {
            "a": "Military policy."
          },
          {
            "2": "fast"
          },
          {
            "0": "(OCoLC)fst01021386"
          }
        ]
      }
    },
    {
      "650": {
        "ind1": "\\",
        "ind2": "7",
        "subfields": [
          {
            "a": "Military readiness."
          },
          {
            "2": "fast"
          },
          {
            "0": "(OCoLC)fst01021419"
          }
        ]
      }
    },
    {
      "650": {
        "ind1": "\\",
        "ind2": "7",
        "subfields": [
          {
            "a": "Nuclear warfare."
          },
          {
            "2": "fast"
          },
          {
            "0": "(OCoLC)fst01040920"
          }
        ]
      }
    },
    {
      "651": {
        "ind1": "\\",
        "ind2": "7",
        "subfields": [
          {
            "a": "United States."
          },
          {
            "2": "fast"
          },
          {
            "0": "(OCoLC)fst01204155"
          }
        ]
      }
    },
    {
      "700": {
        "ind1": "1",
        "ind2": "\\",
        "subfields": [
          {
            "a": "De Seversky, Alexander P."
          },
          {
            "q": "(Alexander Procofieff),"
          },
          {
            "d": "1894-1974,"
          },
          {
            "e": "inscriber."
          }
        ]
      }
    },
    {
      "710": {
        "ind1": "2",
        "ind2": "\\",
        "subfields": [
          {
            "a": "Rouben Mamoulian Collection (Library of Congress)"
          },
          {
            "5": "DLC"
          }
        ]
      }
    },
    {
      "776": {
        "ind1": "0",
        "ind2": "8",
        "subfields": [
          {
            "i": "Online version:"
          },
          {
            "a": "De Seversky, Alexander P. (Alexander Procofieff), 1894-1974."
          },
          {
            "t": "America: too young to die!"
          },
          {
            "b": "[1st ed.]."
          },
          {
            "d": "New York : McGraw-Hill, [1961]"
          },
          {
            "w": "(OCoLC)567933800"
          }
        ]
      }
    },
    {
      "994": {
        "ind1": "\\",
        "ind2": "\\",
        "subfields": [
          {
            "a": "Z0"
          },
          {
            "b": "NYRVC"
          }
        ]
      }
    },
    {
      "948": {
        "ind1": "\\",
        "ind2": "\\",
        "subfields": [
          {
            "h": "NO HOLDINGS IN NYRVC - 403 OTHER HOLDINGS"
          }
        ]
      }
    },
    {
      "999": {
        "ind1": "\\",
        "ind2": "\\",
        "subfields": [
          {
            "a": "00000000014079"
          }
        ]
      }
    }
  ]
}